<?xml version="1.0" encoding="UTF-8"?><collection xmlns="http://www.loc.gov/MARC21/slim"><record><leader>00461nam--2200133-i-4500</leader><controlfield tag="001">000013730</controlfield><controlfield tag="002">20161230</controlfield><controlfield tag="005">20161230201030</controlfield><controlfield tag="008">060222s1000------------r-----000-0-eng-d</controlfield><datafield ind1=" " ind2=" " tag="080"><subfield code="a">530.145.6:541.124</subfield></datafield><datafield ind1=" " ind2=" " tag="245"><subfield code="a">Quantum theory of chemical reactions. 2:solvent effect, reaction mechanisms, photoch emical processes</subfield></datafield><datafield ind1=" " ind2=" " tag="260"><subfield code="a">Dordrech, D.Reidel Publishing Comp., 1981. Vii + 325 P</subfield></datafield><datafield ind1=" " ind2=" " tag="700"><subfield code="a">Daudel, R., Pullman, A., Salem, L.And Veillard , A</subfield></datafield><datafield ind1=" " ind2=" " tag="852"><subfield code="a">49217</subfield></datafield></record></collection>